@online{thomas:19,
  author = {Gavin Thomas},
  title = {A proactive approach to more secure code},
  year = 2019,
  url = {https://msrc.microsoft.com/blog/2019/07/a-proactive-approach-to-more-secure-code/},
  urldate = {2023-12-14},
}

@book{k&r,
  author = {Brian W. Kernighan and Dennis M. Ritchie},
  title = {The C Programming Language},
  edition = 2,
  year = 1988,
  publisher = {Prentice Hall},
}

@book{rustbook,
  author = {Steve Klabnik and Carol Nichols},
  title = {The Rust Programming Language},
  year = 2019,
  publisher = {No Starch Press},
}

@book{gobook,
  author = {Alan A. A. Donovan and Brian W. Kernighan},
  title = {The Go Programming Language},
  year = 2015,
  series = {Addison-Wesley Professional Computing Series},
  publisher = {Addison-Wesley},
}

@book{itsa,
  author = {Xavier Rival and Kwangkeun Yi},
  title = {Introduction to Static Analysis: An Abstract Interpretation Perspective},
  year = 2020,
  publisher = {The MIT Press},
}

@thesis{jung:20,
  author = {Ralf Jung},
  title = {Understanding and Evolving the Rust Programming Language},
  school = {Saarland University},
  year = 2020,
  type = {PhD thesis},
}

@inproceedings {bang23,
  author = {Inyoung Bang and Martin Kayondo and HyunGon Moon and Yunheung Paek},
  title = {{TRust}: A Compilation Framework for In-process Isolation to Protect Safe Rust against Untrusted Code},
  booktitle = {32nd USENIX Security Symposium (USENIX Security 23)},
  year = {2023},
  isbn = {978-1-939133-37-3},
  address = {Anaheim, CA},
  pages = {6947--6964},
  url = {https://www.usenix.org/conference/usenixsecurity23/presentation/bang},
  publisher = {USENIX Association},
  month = aug
}

@misc{mirai,
  author = {Herman Venter},
  title = {MIRAI},
  publisher = {GitHub},
  journal = {GitHub repository},
  howpublished = {\url{https://github.com/facebookexperimental/MIRAI}},
  commit = {c999902fd08b1cdcf7e03ee0e770751303f2f181}
}

@misc{aho-corasick,
  author = {Andrew Gallant},
  title = {aho-corasick},
  publisher = {GitHub},
  journal = {GitHub repository},
  howpublished = {\url{https://github.com/BurntSushi/aho-corasick}},
  commit = {f227162f7c56b3f28e9dd69a655316af0107b29b}
}
